<?xml version="1.0" encoding="UTF-8"?><collection xmlns="http://www.loc.gov/MARC21/slim"><record><leader>00557nam--2200193-i-4500</leader><controlfield tag="001">000047428</controlfield><controlfield tag="002">20161230</controlfield><controlfield tag="005">20161230201046</controlfield><controlfield tag="008">060222s1000------------r-----000-0-eng-d</controlfield><datafield ind1=" " ind2=" " tag="040"><subfield code="a">IFIN-HH</subfield></datafield><datafield ind1=" " ind2=" " tag="080"><subfield code="a">519.4</subfield></datafield><datafield ind1="1" ind2=" " tag="100"><subfield code="a">Weyl, Hermann</subfield></datafield><datafield ind1="1" ind2="0" tag="245"><subfield code="a">The classical groups</subfield><subfield code="b">Their invariants and representations</subfield><subfield code="c">Herman weyl</subfield></datafield><datafield ind1=" " ind2=" " tag="250"><subfield code="a">6th Printing</subfield></datafield><datafield ind1=" " ind2=" " tag="260"><subfield code="a">Princeton, New Jersey</subfield><subfield code="b">Princeton University Press</subfield><subfield code="c">1964</subfield></datafield><datafield ind1=" " ind2=" " tag="300"><subfield code="a">XIII + 320P</subfield></datafield><datafield ind1=" " ind2=" " tag="490"><subfield code="a">Princeton Mathematical Series</subfield></datafield><datafield ind1=" " ind2=" " tag="852"><subfield code="a">22758</subfield><subfield code="c">519.4/5</subfield></datafield><datafield ind1=" " ind2=" " tag="CAT"><subfield code="a">Sys</subfield><subfield code="c">20101027</subfield><subfield code="h">124039</subfield></datafield></record></collection>